@abbreviation{ecs,
	short = {ECS},
	long = {Entity-Component System},
}

@abbreviation{hid,
	short = {HID},
	long = {Human Interface Device},
}

@abbreviation{sdl2,
	short = {SDL2},
	long = {Simple DirectMedia Layer},
}

@abbreviation{sfml,
	short = {SFML},
	long = {Simple and Fast Multimedia Library},
}

@entry{opengl,
	name = {OpenGL},
	description = {Open-source graphics library},
}

@entry{d3d,
	name = {Direct3D},
	description = {Graphics library developed by \hbox{Microsoft}},
}

@acronym{api,
	short = {API},
	long = {Application Programming Interface},
}

@acronym{reqlabel-priority,
	short = {pri},
	long = {priority},
}
@acronym{reqlabel-description,
	short = {req},
	long = {requirement},
}
@acronym{reqlabel-done,
	short = {DoD},
	long = {definition of done},
}

