% bible: <https://tug.ctan.org/info/biblatex-cheatsheet/biblatex-cheatsheet.pdf>

@techreport{rfc:3339,
	author = {G. Klyne and C. Newman},
	title = {Date and Time on the Internet: Timestamps},
	url = {https://www.rfc-editor.org/rfc/rfc3339},
	urldate = {2023-01-03},
	date = {2002-07},
	type = {RFC},
	number = 3339,
	publisher = {RFC Editor},
	institution = {RFC Editor},
}

